@Article{PhysRevLett.100.118703,
	title = "Community Structure in Directed Networks",
	author = "Leicht, E. A. and Newman, M. E. J.",
	journal = "Phys. Rev. Lett.",
	volume = 100,
	issue = 11,
	pages = 118703,
	numpages = 4,
	year = 2008,
	month = "Mar",
	publisher = "American Physical Society",
	doi = "10.1103/PhysRevLett.100.118703",
	url = "https://link.aps.org/doi/10.1103/PhysRevLett.100.118703"
}

@Article{huang2009network,
	title="A network analysis of the Chinese stock market",
	author="Huang, Wei-Qiang and Zhuang, Xin-Tian and Yao, Shuang",
	journal="Physica A: Statistical Mechanics and its Applications",
	volume=388,
	number=14,
	pages="2956--2964",
	year=2009,
	publisher="Elsevier"
}

@Article{rd-only,
  author = 	 "William Dyke",
  title = 	 "The Nutter's guide to {\LaTeX}",
  journal =	 "Read Only",
  year =	 1994,
  number =	 7,
  month =	 "May"
}

@article{CHOPRA2015865,
	title = "Interconnectedness and interdependencies of critical infrastructures in the US economy: Implications for resilience",
	journal = "Physica A: Statistical Mechanics and its Applications",
	volume = "436",
	pages = "865 - 877",
	year = "2015",
	issn = "0378-4371",
	doi = "https://doi.org/10.1016/j.physa.2015.05.091",
	url = "http://www.sciencedirect.com/science/article/pii/S0378437115005063",
	author = "Shauhrat S. Chopra and Vikas Khanna",
	keywords = "Critical infrastructure sectors, Economic network, Graph theory, Community detection, Inputâ€“output model, Resilience"
}

@article{CHEN2015224,
	title = "Which stocks are profitable? A network method to investigate the effects of network structure on stock returns",
	journal = "Physica A: Statistical Mechanics and its Applications",
	volume = "436",
	pages = "224 - 235",
	year = "2015",
	issn = "0378-4371",
	doi = "https://doi.org/10.1016/j.physa.2015.05.047",
	url = "http://www.sciencedirect.com/science/article/pii/S0378437115004628",
	author = "Kun Chen and Peng Luo and Bianxia Sun and Huaiqing Wang",
	keywords = "Network structure, Asset pricing model, Stock returns, Centrality, Modularity"
}

@article{PhysRevLett.100.118703,
  title = "Community Structure in Directed Networks",
  author = "Leicht, E. A. and Newman, M. E. J.",
  journal = "Phys. Rev. Lett.",
  volume = "100",
  issue = "11",
  pages = "118703",
  numpages = "4",
  year = "2008",
  month = "Mar",
  publisher = "American Physical Society",
  doi = "10.1103/PhysRevLett.100.118703",
  url = "https://link.aps.org/doi/10.1103/PhysRevLett.100.118703"
}

@misc{bea,
   author = "U.S. Bureau of Economic Analysis",
   title="Use Tables/Before Redefinitions/Producer Value",
   howpublished = "\url{https://www.bea.gov/industry/io_annual.htm}",
   year = 2018
}